<record><leader>00000cas a2200000 a 4500</leader><controlfield tag="001">25324614</controlfield><controlfield tag="008">920224c19699999iluwr ne      0   a0eng c</controlfield><datafield ind1=" " ind2=" " tag="010"><subfield code="a">sn 92053137 </subfield></datafield><datafield ind1=" " ind2=" " tag="040"><subfield code="a">NVF</subfield><subfield code="b">eng</subfield><subfield code="c">NVF</subfield><subfield code="d">NVF</subfield><subfield code="d">OCLCQ</subfield><subfield code="d">OCLCF</subfield><subfield code="d">OCLCO</subfield><subfield code="d">NVF</subfield><subfield code="d">OCLCO</subfield><subfield code="d">NVF</subfield><subfield code="d">OCLCO</subfield><subfield code="d">OCL</subfield></datafield><datafield ind1="1" ind2=" " tag="029"><subfield code="a">AU@</subfield><subfield code="b">000020742497</subfield></datafield><datafield ind1=" " ind2=" " tag="042"><subfield code="a">pcc</subfield></datafield><datafield ind1=" " ind2=" " tag="043"><subfield code="a">n-us-il</subfield></datafield><datafield ind1="0" ind2=" " tag="130"><subfield code="a">Rantoul press (Rantoul, Ill. : 1969)</subfield></datafield><datafield ind1="1" ind2="4" tag="245"><subfield code="a">The Rantoul press.</subfield></datafield><datafield ind1="1" ind2="3" tag="246"><subfield code="a">Rantoul press and Chanute Field news</subfield><subfield code="f">Oct. 1, 1969-Dec. 8, 1971</subfield></datafield><datafield ind1=" " ind2=" " tag="260"><subfield code="a">Rantoul, Ill. :</subfield><subfield code="b">Rantoul Press,</subfield><subfield code="c">1969-</subfield></datafield><datafield ind1=" " ind2=" " tag="300"><subfield code="a">volumes</subfield></datafield><datafield ind1=" " ind2=" " tag="310"><subfield code="a">Weekly</subfield></datafield><datafield ind1="0" ind2=" " tag="362"><subfield code="a">Vol. 95, no. 40 (Oct. 1, 1969)-</subfield></datafield><datafield ind1="1" ind2="0" tag="610"><subfield code="a">United States.</subfield><subfield code="b">Air Force</subfield><subfield code="v">Newspapers.</subfield></datafield><datafield ind1=" " ind2="0" tag="650"><subfield code="a">Military bases, American</subfield><subfield code="z">Illinois</subfield><subfield code="z">Chanute Air Force Base</subfield><subfield code="v">Newspapers.</subfield></datafield><datafield ind1=" " ind2="0" tag="651"><subfield code="a">Rantoul (Ill.)</subfield><subfield code="v">Newspapers.</subfield></datafield><datafield ind1=" " ind2="0" tag="651"><subfield code="a">Chanute Air Force Base (Ill.)</subfield><subfield code="v">Newspapers.</subfield></datafield><datafield ind1=" " ind2="7" tag="655"><subfield code="a">Newspapers.</subfield><subfield code="2">fast</subfield><subfield code="0">(OCoLC)fst01423814</subfield></datafield><datafield ind1="1" ind2="7" tag="610"><subfield code="a">United States.</subfield><subfield code="b">Air Force.</subfield><subfield code="2">fast</subfield><subfield code="0">(OCoLC)fst00538280</subfield></datafield><datafield ind1=" " ind2="7" tag="650"><subfield code="a">Military bases, American.</subfield><subfield code="2">fast</subfield><subfield code="0">(OCoLC)fst01021021</subfield></datafield><datafield ind1=" " ind2="7" tag="651"><subfield code="a">Illinois</subfield><subfield code="z">Chanute Air Force Base.</subfield><subfield code="2">fast</subfield><subfield code="0">(OCoLC)fst01218461</subfield></datafield><datafield ind1=" " ind2="7" tag="651"><subfield code="a">Illinois</subfield><subfield code="z">Rantoul.</subfield><subfield code="2">fast</subfield><subfield code="0">(OCoLC)fst01217906</subfield></datafield><datafield ind1=" " ind2=" " tag="752"><subfield code="a">United States</subfield><subfield code="b">Illinois</subfield><subfield code="c">Champaign County</subfield><subfield code="d">Rantoul.</subfield></datafield><datafield ind1="0" ind2="0" tag="780"><subfield code="t">Rantoul press and Chanute Field news</subfield><subfield code="w">(DLC)sn 88061246</subfield><subfield code="w">(OCoLC)18608679</subfield></datafield></record>